<?xml version="1.0" encoding="UTF-8"?><collection xmlns="http://www.loc.gov/MARC21/slim"><record><leader>00541nam--2200193-i-4500</leader><controlfield tag="001">000014720</controlfield><controlfield tag="002">20161230</controlfield><controlfield tag="005">20161230201031</controlfield><controlfield tag="008">060222s1000------------r-----000-0-eng-d</controlfield><datafield ind1=" " ind2=" " tag="040"><subfield code="a">IFIN-HH</subfield></datafield><datafield ind1=" " ind2=" " tag="080"><subfield code="a">537.533</subfield></datafield><datafield ind1="1" ind2=" " tag="100"><subfield code="a">Pierce, J.R</subfield></datafield><datafield ind1="1" ind2="0" tag="245"><subfield code="a">Theory and design of electron beams</subfield><subfield code="c">J.r. pierce</subfield></datafield><datafield ind1=" " ind2=" " tag="250"><subfield code="a">Second Edition Second Printing</subfield></datafield><datafield ind1=" " ind2=" " tag="260"><subfield code="a">Toronto</subfield><subfield code="b">D.Van Nostrand Company, Inc</subfield><subfield code="c">1954</subfield></datafield><datafield ind1=" " ind2=" " tag="300"><subfield code="a">222P</subfield></datafield><datafield ind1=" " ind2=" " tag="490"><subfield code="a">The Bell Telephone Laboratories Series</subfield></datafield><datafield ind1=" " ind2=" " tag="852"><subfield code="a">10558</subfield><subfield code="c">537.533</subfield></datafield><datafield ind1=" " ind2=" " tag="CAT"><subfield code="a">Sys</subfield><subfield code="c">20110812</subfield><subfield code="h">125502</subfield></datafield></record></collection>